@techreport{norm_warehouse_defintion,
	author		= "{KT 162 ds. Logistyki, Kodów Kreskowych i Gospodarki Magazynowej}",
	institution = "{WPN - Sektor Logistyki, Transportu i Opakowań}",
	title 		= "{Gospodarka magazynowa -- Terminologia podstawowa}",
	month		= 6,
	year 		= 1984,
	type		= "Norma"
}

@book{PZMW,
	author		= "Gubała Marek, Popielas Jan",
	title 		= "Podstawy zarządzania magazynem w przykładach",
	publisher	= "Instytut Logistyki I Magazynowania",
	year		= 2002,
	note		= "ISBN: 83-87344-11-7"
}

@book{PL_FM,
	author		= "Fertsch Marek",
	title 		= "Podstawy Logistyki",
	publisher	= "Biblioteka Logistyka, Poznań",
	year		= 2008,
	edition		= 2,
}

@article{EWSS,
	author		= "Adam Wojciechowski",
	title		= "Efektywniej w strefie składowania",
	journal		= "Nowoczesny magazyn",
	year		= "2010",
	month		= "kwiecień - maj"
}

@misc{ustawa_flamableMaterials,
	title			= "Dz.U. 2010 nr 109 poz. 719",
	howpublished	= "\\ URL: ~\url{http://isip.sejm.gov.pl/DetailsServlet?id=WDU20101090719}"
}